@article{Simbolic,
   title={Comparison of symbolic and ordinary powers of ideals},
   volume={147},
   ISSN={1432-1297},
   url={http://dx.doi.org/10.1007/s002220100176},
   DOI={10.1007/s002220100176},
   number={2},
   journal={Inventiones Mathematicae},
   publisher={Springer Science and Business Media LLC},
   author={Hochster, Melvin and Huneke, Craig},
   year={2002},
   month={Feb},
   pages={349â€“369}
}
